@article{RameshH2003SmiO,
  author   = {Ramesh, H and Vinay, V},
  issn     = {1570-8667},
  journal  = {Journal of discrete algorithms (Amsterdam, Netherlands)},
  language = {eng},
  number   = {1},
  pages    = {103-110},
  title    = {String matching in \(\tilde{O}(\sqrt{n}+\sqrt{m})\) quantum time},
  volume   = {1},
  year     = {2003}
}

@article{Boyer_1998,
  title     = {Tight Bounds on Quantum Searching},
  volume    = {46},
  issn      = {1521-3978},
  url       = {http://dx.doi.org/10.1002/(SICI)1521-3978(199806)46:4/5<493::AID-PROP493>3.0.CO;2-P},
  doi       = {10.1002/(sici)1521-3978(199806)46:4/5<493::aid-prop493>3.0.co;2-p},
  number    = {4–5},
  journal   = {Fortschritte der Physik},
  publisher = {Wiley},
  author    = {Boyer, Michel and Brassard, Gilles and Høyer, Peter and Tapp, Alain},
  year      = {1998},
  month     = jun,
  pages     = {493–505}
}

@misc{durr1999quantumalgorithmfindingminimum,
  title         = {A Quantum Algorithm for Finding the Minimum},
  author        = {Christoph Durr and Peter Høyer},
  year          = {1999},
  eprint        = {quant-ph/9607014},
  archiveprefix = {arXiv},
  primaryclass  = {quant-ph},
  url           = {https://arxiv.org/abs/quant-ph/9607014}
}

@inproceedings{10.1145/100216.100235,
  author    = {Vishkin, U.},
  title     = {Deterministic sampling—a new technique for fast pattern matching},
  year      = {1990},
  isbn      = {0897913612},
  publisher = {Association for Computing Machinery},
  address   = {New York, NY, USA},
  url       = {https://doi.org/10.1145/100216.100235},
  doi       = {10.1145/100216.100235},
  booktitle = {Proceedings of the Twenty-Second Annual ACM Symposium on Theory of Computing},
  pages     = {170–180},
  numpages  = {11},
  location  = {Baltimore, Maryland, USA},
  series    = {STOC '90}
}
@misc{grover1996fastquantummechanicalalgorithm,
  title         = {A fast quantum mechanical algorithm for database search},
  author        = {Lov K. Grover},
  year          = {1996},
  eprint        = {quant-ph/9605043},
  archiveprefix = {arXiv},
  primaryclass  = {quant-ph},
  url           = {https://arxiv.org/abs/quant-ph/9605043}
}